<?xml version="1.0" encoding="UTF-8"?><record xmlns="http://www.loc.gov/MARC21/slim" xmlns:cinclude="http://apache.org/cocoon/include/1.0" xmlns:zs="http://www.loc.gov/zing/srw/">
  <leader>00456nz  a2200133n  4500</leader>
  <controlfield tag="001">no2004050386</controlfield>
  <controlfield tag="003">DLC</controlfield>
  <controlfield tag="005">20040527052041.0</controlfield>
  <controlfield tag="008">040526n| acannaab           |n aaa     c</controlfield>
  <datafield tag="010" ind1=" " ind2=" ">
    <subfield code="a">no2004050386</subfield>
  </datafield>
  <datafield tag="035" ind1=" " ind2=" ">
    <subfield code="a">(OCoLC)oca06356050</subfield>
  </datafield>
  <datafield tag="040" ind1=" " ind2=" ">
    <subfield code="a">NjP</subfield>
    <subfield code="b">eng</subfield>
    <subfield code="c">NjP</subfield>
  </datafield>
  <datafield tag="100" ind1="1" ind2=" ">
    <subfield code="a">Sieber, Johann Caspar,</subfield>
    <subfield code="d">1821-1878</subfield>
  </datafield>
  <datafield tag="670" ind1=" " ind2=" ">
    <subfield code="a">Johann Caspar Sieber, c2003:</subfield>
    <subfield code="b">p. 14 (b. Dec. 12, 1821 in Seebach) p. 150 (d. Jan. 22, 1878; educator and educational reformer primarily in Zurich)</subfield>
  </datafield>
</record>